<?xml version="1.0" encoding="UTF-8"?><collection xmlns="http://www.loc.gov/MARC21/slim"><record><leader>00318nam--2200121-i-4500</leader><controlfield tag="001">000040495</controlfield><controlfield tag="002">20161230</controlfield><controlfield tag="005">20161230201042</controlfield><controlfield tag="008">060222s1000------------r-----000-0-eng-d</controlfield><datafield ind1=" " ind2=" " tag="100"><subfield code="a">Schaefer,Gerhard</subfield></datafield><datafield ind1=" " ind2=" " tag="245"><subfield code="a">Das ultrarete spektrum desu-zentrums</subfield></datafield><datafield ind1=" " ind2=" " tag="260"><subfield code="a">Stuttgart, Technisches Hochschule, 1960. 12 P</subfield></datafield><datafield ind1=" " ind2=" " tag="852"><subfield code="a">7104</subfield></datafield></record></collection>